%%%%%%%%%%%%%%%%%%%%%%%%%%%%%%%%%%%%%%%%%%%%%%%%
%%% INTRODUCTION %%%%%%%%%%%%%%%%%%%%%%%%%%%%%%%
%%%%%%%%%%%%%%%%%%%%%%%%%%%%%%%%%%%%%%%%%%%%%%%%

@article{Cabibbo:1975ig,
      author         = "Cabibbo, N. and Parisi, G.",
      title          = "{Exponential Hadronic Spectrum and Quark Liberation}",
      journal        = "Phys. Lett.",
      volume         = "59B",
      year           = "1975",
      pages          = "67-69",
      doi            = "10.1016/0370-2693(75)90158-6",
      reportNumber   = "INFN-ROME-620",
      SLACcitation   = "%%CITATION = PHLTA,59B,67;%%"
}

@article{PhysRevD.9.3471,
  title = {New extended model of hadrons},
  author = {Chodos, A. and Jaffe, R. L. and Johnson, K. and Thorn, C. B. and Weisskopf, V. F.},
  journal = {Phys. Rev. D},
  volume = {9},
  issue = {12},
  pages = {3471--3495},
  numpages = {0},
  year = {1974},
  month = {Jun},
  publisher = {American Physical Society},
  doi = {10.1103/PhysRevD.9.3471},
  url = {https://link.aps.org/doi/10.1103/PhysRevD.9.3471}
}

@article{PhysRevD.10.2599,
  title = {Baryon structure in the bag theory},
  author = {Chodos, A. and Jaffe, R. L. and Johnson, K. and Thorn, C. B.},
  journal = {Phys. Rev. D},
  volume = {10},
  issue = {8},
  pages = {2599--2604},
  numpages = {0},
  year = {1974},
  month = {Oct},
  publisher = {American Physical Society},
  doi = {10.1103/PhysRevD.10.2599},
  url = {https://link.aps.org/doi/10.1103/PhysRevD.10.2599}
}

@article{mtrBossu2012,
  author="Boss\`u, F. and Gagliardi, M. and Marchisone, M.",
  collaboration  = "ALICE",
  title="{Performance of the RPC-based ALICE muon trigger system at the LHC}",
  journal={JINST},
  volume={7},
  number={12},
  pages={T12002},
  url={http://stacks.iop.org/1748-0221/7/i=12/a=T12002},
  year={2012},
}

@article{chicovani:1964,
author = {Chikovani, G.E. and Roinishvili, V.N. and Mikhailov, V.A.},
year = {1964},
month = {10},
pages = {261-269},
title = {Operation mechanism of the track spark chamber},
volume = {29},
booktitle = {Nuclear Instruments and Methods}
}

@article{evans:1969,
  author={P Rice-Evans},
  title={Spark and streamer chambers},
  journal={Journal of Physics E: Scientific Instruments},
  volume={2},
  number={3},
  pages={221},
  url={http://stacks.iop.org/0022-3735/2/i=3/a=201},
  year={1969},
  abstract={In this review the operation of the basic multiplate spark chamber is described, and the evolution of the wide-gap spark chamber and the streamer chamber discussed. Some attention is paid to the spark mechanism in noble gases and also to the recording systems that have been used in conjunction with narrow-gap chambers.}
}

@article{aliceRPC:2004,
        author = {Arnaldi, et al.},
        year = {2004},
        month = {11},
        pages = {1265 - 1269 Vol. 2},
        title = {R\&D on RPC for the Muon Trigger System for the ALICE experiment in view of p-p data taking},
        volume = {2},
        booktitle = {IEEE Nuclear Science Symposium Conference Record}
}

@article{Zampolli:2010zz,
      author         = "Zampolli, Chiara and Carminati, Federico and Colla,
                        Alberto",
      title          = "{The shuttle: The ALICE framework for the extraction of
                        the conditions data}",
      booktitle      = "{Proceedings, 13th International Workshop on Advanced
                        computing and analysis techniques in physics research
                        (ACAT2010): Jaipur, India, February 22-27, 2010}",
      collaboration  = "ALICE",
      journal        = "PoS",
      volume         = "ACAT2010",
      year           = "2010",
      pages          = "066",
      SLACcitation   = "%%CITATION = POSCI,ACAT2010,066;%%"
}

@article{Zeballos1996TheMR,
  title={The Multigap Resistive Plate Chamber},
  author={E. Cerron Zeballos and In Crotty and D. Hatzifotiadou and J. Lamas Valverde and Suman Neupane and M. C. S. Williams and Antonino Zichichi},
  year={1996}
}

@article{arnaldi:2004, 
author={R. Arnaldi and A. Baldit and V. Barret and N. Bastid and G. Blanchard and E. Chiavassa and P. Cortese and P. Crochet and G. Dellacasa and A. Devaux and N. De Marco and P. Dupieux and A. Ferretti and B. Forestier and M. Gallio and R. Gemme and S. Grygorian and F. Guerin and R. Guernane and C. Insa and F. Jouve and F. Manso and P. Mereu and A. Musso and C. Oppedisano and A. Piccotti and F. Poggio and L. Royer and P. Rosnet and P. Saturnini and E. Scomparin and G. Travaglia and E. Vercellin and F. Yermia}, 
booktitle={IEEE Symposium Conference Record Nuclear Science 2004.}, 
title={R amp;D on RPC for the muon trigger system for the ALICE experiment in view of p-p data taking}, 
year={2004}, 
volume={2}, 
number={}, 
pages={1265-1269 Vol. 2},
doi={10.1109/NSSMIC.2004.1462431}, 
ISSN={1082-3654}, 
month={Oct}
}

@article{Fronze:2016kxx,
      author         = "Fronz√©, Gabriele Gaetano",
      title          = "{Performance of the ALICE muon trigger system in pp and
                        Pb-Pb collisions at the LHC}",
      booktitle      = "{Proceedings, 13th Workshop on Resistive Plate Chambers
                        and Related Detectors (RPC2016): Ghent, Belgium, February
                        22-26, 2016}",
      journal        = "JINST",
      volume         = "11",
      year           = "2016",
      number         = "06",
      pages          = "C06003",
      doi            = "10.1088/1748-0221/11/06/C06003",
      eprint         = "1605.03461",
      archivePrefix  = "arXiv",
      primaryClass   = "physics.ins-det",
      SLACcitation   = "%%CITATION = ARXIV:1605.03461;%%"
}

@article{Raveendrababu:2016zuw,
      author         = "Raveendrababu, K. and Behera, P. K. and Satyanarayana, B.
                        and Sadiq, Jafar",
      title          = "{Study of glass properties as electrode for RPC}",
      booktitle      = "{Proceedings, 13th Workshop on Resistive Plate Chambers
                        and Related Detectors (RPC2016): Ghent, Belgium, February
                        22-26, 2016}",
      journal        = "JINST",
      volume         = "11",
      year           = "2016",
      number         = "07",
      pages          = "C07007",
      doi            = "10.1088/1748-0221/11/07/C07007",
      eprint         = "1605.01044",
      archivePrefix  = "arXiv",
      primaryClass   = "physics.ins-det",
      SLACcitation   = "%%CITATION = ARXIV:1605.01044;%%"
}

@article{Shuryak:1978ij,
      author         = "Shuryak, Edward V.",
      title          = "{Quark-Gluon Plasma and Hadronic Production of Leptons,
                        Photons and Psions}",
      journal        = "Phys. Lett.",
      volume         = "B78",
      year           = "1978",
      pages          = "150",
      doi            = "10.1016/0370-2693(78)90370-2",
      note           = "[Yad. Fiz.28,796(1978)]",
      reportNumber   = "IYF-78-24",
      SLACcitation   = "%%CITATION = PHLTA,B78,150;%%"
}

@article{Miller:2007ri,
      author         = "Miller, Michael L. and Reygers, Klaus and Sanders,
                        Stephen J. and Steinberg, Peter",
      title          = "{Glauber modeling in high energy nuclear collisions}",
      journal        = "Ann. Rev. Nucl. Part. Sci.",
      volume         = "57",
      year           = "2007",
      pages          = "205-243",
      doi            = "10.1146/annurev.nucl.57.090506.123020",
      eprint         = "nucl-ex/0701025",
      archivePrefix  = "arXiv",
      primaryClass   = "nucl-ex",
      SLACcitation   = "%%CITATION = NUCL-EX/0701025;%%"
}

@article{Aamodt:2009aa,
      author         = "Aamodt, K and others",
      title          = "{First proton-proton collisions at the LHC as observed
                        with the ALICE detector: Measurement of the charged
                        particle pseudorapidity density at s**(1/2) = 900-GeV}",
      collaboration  = "ALICE",
      journal        = "Eur. Phys. J.",
      volume         = "C65",
      year           = "2010",
      pages          = "111-125",
      doi            = "10.1140/epjc/s10052-009-1227-4",
      eprint         = "0911.5430",
      archivePrefix  = "arXiv",
      primaryClass   = "hep-ex",
      SLACcitation   = "%%CITATION = ARXIV:0911.5430;%%"
}

@article{Lees:2014qea,
      author         = "Lees, J. P. and others",
      title          = "{Bottomonium spectroscopy and radiative transitions
                        involving the $\chi_bJ(1P,2P)$ states at BABAR}",
      collaboration  = "BaBar",
      journal        = "Phys. Rev.",
      volume         = "D90",
      year           = "2014",
      number         = "11",
      pages          = "112010",
      doi            = "10.1103/PhysRevD.90.112010",
      eprint         = "1410.3902",
      archivePrefix  = "arXiv",
      primaryClass   = "hep-ex",
      reportNumber   = "BABAR-PUB-14-005, SLAC-PUB-16123",
      SLACcitation   = "%%CITATION = ARXIV:1410.3902;%%"
}

@article{Adams:2005dq,
      author         = "Adams, John and others",
      title          = "{Experimental and theoretical challenges in the search
                        for the quark gluon plasma: The STAR Collaboration's
                        critical assessment of the evidence from RHIC collisions}",
      collaboration  = "STAR",
      journal        = "Nucl. Phys.",
      volume         = "A757",
      year           = "2005",
      pages          = "102-183",
      doi            = "10.1016/j.nuclphysa.2005.03.085",
      eprint         = "nucl-ex/0501009",
      archivePrefix  = "arXiv",
      primaryClass   = "nucl-ex",
      SLACcitation   = "%%CITATION = NUCL-EX/0501009;%%"
}

@article{Muller:2012zq,
      author         = "Muller, Berndt and Schukraft, Jurgen and Wyslouch,
                        Boleslaw",
      title          = "{First Results from Pb+Pb collisions at the LHC}",
      journal        = "Ann. Rev. Nucl. Part. Sci.",
      volume         = "62",
      year           = "2012",
      pages          = "361-386",
      doi            = "10.1146/annurev-nucl-102711-094910",
      eprint         = "1202.3233",
      archivePrefix  = "arXiv",
      primaryClass   = "hep-ex",
      reportNumber   = "CERN-OPEN-2012-005",
      SLACcitation   = "%%CITATION = ARXIV:1202.3233;%%"
}

@article{Matsui:1986dk,
      author         = "Matsui, T. and Satz, H.",
      title          = "{J/$\psi$ Suppression by Quark-Gluon Plasma Formation}",
      journal        = "Phys. Lett.",
      volume         = "B178",
      year           = "1986",
      pages          = "416-422",
      doi            = "10.1016/0370-2693(86)91404-8",
      reportNumber   = "BNL-38344",
      SLACcitation   = "%%CITATION = PHLTA,B178,416;%%"
}


@article{Brambilla:2010cs,
      author         = "Brambilla, N. and others",
      title          = "{Heavy quarkonium: progress, puzzles, and opportunities}",
      journal        = "Eur. Phys. J.",
      volume         = "C71",
      year           = "2011",
      pages          = "1534",
      doi            = "10.1140/epjc/s10052-010-1534-9",
      eprint         = "1010.5827",
      archivePrefix  = "arXiv",
      primaryClass   = "hep-ph",
      reportNumber   = "SLAC-R-996, TUM-EFT-11-10, CLNS-10-2066,
                        ANL-HEP-PR-10-44, ALBERTA-THY-11-10, CP3-10-37,
                        FZJ-IKP-TH-2010-24, INT-PUB-10-059, JLAB-THY-11-1308,
                        FERMILAB-PUB-10-737-T",
      SLACcitation   = "%%CITATION = ARXIV:1010.5827;%%"
}

@article{Cacciari:2012ny,
      author         = "Cacciari, Matteo and Frixione, Stefano and Houdeau,
                        Nicolas and Mangano, Michelangelo L. and Nason, Paolo and
                        Ridolfi, Giovanni",
      title          = "{Theoretical predictions for charm and bottom production
                        at the LHC}",
      journal        = "JHEP",
      volume         = "10",
      year           = "2012",
      pages          = "137",
      doi            = "10.1007/JHEP10(2012)137",
      eprint         = "1205.6344",
      archivePrefix  = "arXiv",
      primaryClass   = "hep-ph",
      reportNumber   = "CERN-PH-TH-2011-227",
      SLACcitation   = "%%CITATION = ARXIV:1205.6344;%%"
}

@article{Andronic:2015wma,
      author         = "Andronic, A. and others",
      title          = "{Heavy-flavour and quarkonium production in the LHC era:
                        from proton-proton to heavy-ion collisions}",
      journal        = "Eur. Phys. J.",
      volume         = "C76",
      year           = "2016",
      number         = "3",
      pages          = "107",
      doi            = "10.1140/epjc/s10052-015-3819-5",
      eprint         = "1506.03981",
      archivePrefix  = "arXiv",
      primaryClass   = "nucl-ex",
      SLACcitation   = "%%CITATION = ARXIV:1506.03981;%%"
}

@article{Digal:2001ue,
      author         = "Digal, S. and Petreczky, P. and Satz, H.",
      title          = "{Quarkonium feed down and sequential suppression}",
      journal        = "Phys. Rev.",
      volume         = "D64",
      year           = "2001",
      pages          = "094015",
      doi            = "10.1103/PhysRevD.64.094015",
      eprint         = "hep-ph/0106017",
      archivePrefix  = "arXiv",
      primaryClass   = "hep-ph",
      reportNumber   = "BI-TP-2001-09",
      SLACcitation   = "%%CITATION = HEP-PH/0106017;%%"
}
@article{Krouppa:2015yoa,
      author         = "Krouppa, Brandon and Ryblewski, Radoslaw and Strickland,
                        Michael",
      title          = "{Bottomonia suppression in 2.76 TeV Pb-Pb collisions}",
      journal        = "Phys. Rev.",
      volume         = "C92",
      year           = "2015",
      number         = "6",
      pages          = "061901",
      doi            = "10.1103/PhysRevC.92.061901",
      eprint         = "1507.03951",
      archivePrefix  = "arXiv",
      primaryClass   = "hep-ph",
      SLACcitation   = "%%CITATION = ARXIV:1507.03951;%%"
}

@article{Mauricio:2007vz,
      author         = "Martinez, Mauricio and Strickland, Michael",
      title          = "{Measuring QGP thermalization time with dileptons}",
      journal        = "Phys. Rev. Lett.",
      volume         = "100",
      year           = "2008",
      pages          = "102301",
      doi            = "10.1103/PhysRevLett.100.102301",
      eprint         = "0709.3576",
      archivePrefix  = "arXiv",
      primaryClass   = "hep-ph",
      SLACcitation   = "%%CITATION = ARXIV:0709.3576;%%"
}


@article{Burnier:2014ssa,
      author         = "Burnier, Yannis and Kaczmarek, Olaf and Rothkopf,
                        Alexander",
      title          = "{Static quark-antiquark potential in the quark-gluon
                        plasma from lattice QCD}",
      journal        = "Phys. Rev. Lett.",
      volume         = "114",
      year           = "2015",
      number         = "8",
      pages          = "082001",
      doi            = "10.1103/PhysRevLett.114.082001",
      eprint         = "1410.2546",
      archivePrefix  = "arXiv",
      primaryClass   = "hep-lat",
      reportNumber   = "BI-TP-2014-21",
      SLACcitation   = "%%CITATION = ARXIV:1410.2546;%%"
}
@article{Adare:2014hje,
      author         = "Adare, A. and others",
      title          = "{Measurement of $\Upsilon\text{(1S+2S+3S)}$ production in $p+p$
                        and Au$+$Au collisions at $\sqrt{s_{_{\rm NN}}}=200$ GeV}",
      collaboration  = "PHENIX",
      journal        = "Phys. Rev.",
      volume         = "C91",
      year           = "2015",
      number         = "2",
      pages          = "024913",
      doi            = "10.1103/PhysRevC.91.024913",
      eprint         = "1404.2246",
      archivePrefix  = "arXiv",
      primaryClass   = "nucl-ex",
      SLACcitation   = "%%CITATION = ARXIV:1404.2246;%%"
}

@article{Abelev:2014qha,
      author         = "Abelev, Betty Bezverkhny and others",
      title          = "{Measurement of quarkonium production at forward rapidity
                        in $pp$ collisions at $\sqrt{s} = 7$ TeV}",
      collaboration  = "ALICE",
      journal        = "Eur. Phys. J.",
      volume         = "C74",
      year           = "2014",
      number         = "8",
      pages          = "2974",
      doi            = "10.1140/epjc/s10052-014-2974-4",
      eprint         = "1403.3648",
      archivePrefix  = "arXiv",
      primaryClass   = "nucl-ex",
      reportNumber   = "CERN-PH-EP-2014-042",
      SLACcitation   = "%%CITATION = ARXIV:1403.3648;%%"
}


@article{abreu:in2p3-00002434,
  TITLE = {{J/$\psi$, $\psi'$ and Drell-Yan production in S-U interactions at 200 GeV per nucleon}},
  AUTHOR = {Abreu, M C. and others},
 collaboration  = "NA38",
  URL = {http://hal.in2p3.fr/in2p3-00002434},
  JOURNAL = {{Phys. Lett.}},
  HAL_LOCAL_REFERENCE = {CERN-EP-98-190,LYCEN 98123},
  PUBLISHER = {{Elsevier}},
  VOLUME = {B449},
  PAGES = {128-136},
  YEAR = {1999},
  PDF = {http://hal.in2p3.fr/in2p3-00002434/file/democrite-00002434.pdf},
  HAL_ID = {in2p3-00002434},
  HAL_VERSION = {v1},
}

@article{Alessandro:2004ap,
      author         = "Alessandro, B. and others",
      title          = "{A New measurement of J/$\psi$ suppression in Pb-Pb
                        collisions at 158-GeV per nucleon}",
      collaboration  = "NA50",
      journal        = "Eur. Phys. J.",
      volume         = "C39",
      year           = "2005",
      pages          = "335-345",
      doi            = "10.1140/epjc/s2004-02107-9",
      eprint         = "hep-ex/0412036",
      archivePrefix  = "arXiv",
      primaryClass   = "hep-ex",
      reportNumber   = "CERN-PH-EP-2004-052",
      SLACcitation   = "%%CITATION = HEP-EX/0412036;%%"
}

@article{Arnaldi:2007zz,
      author         = "Arnaldi, R. and others",
      title          = "{J/$\psi$ production in indium-indium collisions at
                        158-GeV/nucleon}",
      collaboration  = "NA60",
      journal        = "Phys. Rev. Lett.",
      volume         = "99",
      year           = "2007",
      pages          = "132302",
      doi            = "10.1103/PhysRevLett.99.132302",
      SLACcitation   = "%%CITATION = PRLTA,99,132302;%%"
}


@article{Adare:2011yf,
      author         = "Adare, A. and others",
      title          = "{J/$\psi$ suppression at forward rapidity in Au+Au
                        collisions at $\sqrt{s_{_{\rm NN}}}=200$ GeV}",
      collaboration  = "PHENIX",
      journal        = "Phys. Rev.",
      volume         = "C84",
      year           = "2011",
      pages          = "054912",
      doi            = "10.1103/PhysRevC.84.054912",
      eprint         = "1103.6269",
      archivePrefix  = "arXiv",
      primaryClass   = "nucl-ex",
      SLACcitation   = "%%CITATION = ARXIV:1103.6269;%%"
}
@article{Abelev:2009qaa,
      author         = "Abelev, B. I. and others",
      title          = "{J/$\psi$ production at high transverse momentum in p+p and
                        Cu+Cu collisions at $\sqrt{s_{_{\rm NN}}}=200$ GeV}",
      collaboration  = "STAR",
      journal        = "Phys. Rev.",
      volume         = "C80",
      year           = "2009",
      pages          = "041902",
      doi            = "10.1103/PhysRevC.80.041902",
      eprint         = "0904.0439",
      archivePrefix  = "arXiv",
      primaryClass   = "nucl-ex",
      SLACcitation   = "%%CITATION = ARXIV:0904.0439;%%"
}
@article{Abelev:2012rv,
      author         = "Abelev, Betty and others",
      title          = "{J/$\psi$ suppression at forward rapidity in Pb-Pb
                        collisions at $\sqrt{s_{_{\rm NN}}}=2.76$ TeV}",
      collaboration  = "ALICE",
      journal        = "Phys. Rev. Lett.",
      volume         = "109",
      year           = "2012",
      pages          = "072301",
      doi            = "10.1103/PhysRevLett.109.072301",
      eprint         = "1202.1383",
      archivePrefix  = "arXiv",
      primaryClass   = "hep-ex",
      reportNumber   = "CERN-PH-EP-2012-012",
      SLACcitation   = "%%CITATION = ARXIV:1202.1383;%%"
}
@article{Chatrchyan:2012np,
      author         = "Chatrchyan, Serguei and others",
      title          = "{Suppression of non-prompt J/$\psi$, prompt J/$\psi$, and
                        $\Upsilon\text{(1S)}$ in PbPb collisions at $\sqrt{s_{_{\rm NN}}}=2.76$ TeV}",
      collaboration  = "CMS",
      journal        = "JHEP",
      volume         = "05",
      year           = "2012",
      pages          = "063",
      doi            = "10.1007/JHEP05(2012)063",
      eprint         = "1201.5069",
      archivePrefix  = "arXiv",
      primaryClass   = "nucl-ex",
      reportNumber   = "CMS-HIN-10-006, CERN-PH-EP-2011-170",
      SLACcitation   = "%%CITATION = ARXIV:1201.5069;%%"
}
@article{Adam:2016rdg,
      author         = "Adam, Jaroslav and others",
      title          = "{J/$\psi$ suppression at forward rapidity in Pb-Pb
                        collisions at $\mathbf{\sqrt{s_{{\rm NN}}} = 5.02}$ TeV}",
      collaboration  = "ALICE",
      journal        = "Phys. Lett.",
      volume         = "B766",
      year           = "2017",
      pages          = "212-224",
      doi            = "10.1016/j.physletb.2016.12.064",
      eprint         = "1606.08197",
      archivePrefix  = "arXiv",
      primaryClass   = "nucl-ex",
      reportNumber   = "CERN-EP-2016-162",
      SLACcitation   = "%%CITATION = ARXIV:1606.08197;%%"
}
@article{BraunMunzinger:2000px,
      author         = "Braun-Munzinger, P. and Stachel, J.",
      title          = "{(Non)thermal aspects of charmonium production and a new
                        look at J / psi suppression}",
      journal        = "Phys. Lett.",
      volume         = "B490",
      year           = "2000",
      pages          = "196-202",
      doi            = "10.1016/S0370-2693(00)00991-6",
      eprint         = "nucl-th/0007059",
      archivePrefix  = "arXiv",
      primaryClass   = "nucl-th",
      SLACcitation   = "%%CITATION = NUCL-TH/0007059;%%"
}
@article{Thews:2000rj,
      author         = "Thews, Robert L. and Schroedter, Martin and Rafelski,
                        Johann",
      title          = "{Enhanced $J/\psi$ production in deconfined quark
                        matter}",
      journal        = "Phys. Rev.",
      volume         = "C63",
      year           = "2001",
      pages          = "054905",
      doi            = "10.1103/PhysRevC.63.054905",
      eprint         = "hep-ph/0007323",
      archivePrefix  = "arXiv",
      primaryClass   = "hep-ph",
      SLACcitation   = "%%CITATION = HEP-PH/0007323;%%"
}
@article{Zhao:2011cv,
      author         = "Zhao, Xingbo and Rapp, Ralf",
      title          = "{Medium Modifications and Production of Charmonia at
                        LHC}",
      journal        = "Nucl. Phys.",
      volume         = "A859",
      year           = "2011",
      pages          = "114-125",
      doi            = "10.1016/j.nuclphysa.2011.05.001",
      eprint         = "1102.2194",
      archivePrefix  = "arXiv",
      primaryClass   = "hep-ph",
      SLACcitation   = "%%CITATION = ARXIV:1102.2194;%%"
}

@article{Zhou:2014kka,
      author         = "Zhou, Kai and Xu, Nu and Xu, Zhe and Zhuang, Pengfei",
      title          = "{Medium effects on charmonium production at
                        ultrarelativistic energies available at the CERN Large
                        Hadron Collider}",
      journal        = "Phys. Rev.",
      volume         = "C89",
      year           = "2014",
      number         = "5",
      pages          = "054911",
      doi            = "10.1103/PhysRevC.89.054911",
      eprint         = "1401.5845",
      archivePrefix  = "arXiv",
      primaryClass   = "nucl-th",
      SLACcitation   = "%%CITATION = ARXIV:1401.5845;%%"
}
@article{Abelev:2013ila,
      author         = "Abelev, Betty Bezverkhny and others",
      title          = "{Centrality, rapidity and transverse momentum dependence
                        of $J/\psi$ suppression in Pb-Pb collisions at
                        $\sqrt{s_{\rm NN}}$=2.76 TeV}",
      collaboration  = "ALICE",
      journal        = "Phys. Lett.",
      volume         = "B734",
      year           = "2014",
      pages          = "314-327",
      doi            = "10.1016/j.physletb.2014.05.064",
      eprint         = "1311.0214",
      archivePrefix  = "arXiv",
      primaryClass   = "nucl-ex",
      reportNumber   = "CERN-PH-EP-2013-203",
      SLACcitation   = "%%CITATION = ARXIV:1311.0214;%%"
}

@article{Adam:2015isa,
      author         = "Adam, Jaroslav and others",
      title          = "{Differential studies of inclusive J/$\psi$ and $\psi\text{(2S)}$
                        production at forward rapidity in Pb-Pb collisions at $
                        \sqrt{s_{_{\mathrm{NN}}}}=2.76 $ TeV}",
      collaboration  = "ALICE",
      journal        = "JHEP",
      volume         = "05",
      year           = "2016",
      pages          = "179",
      doi            = "10.1007/JHEP05(2016)179",
      eprint         = "1506.08804",
      archivePrefix  = "arXiv",
      primaryClass   = "nucl-ex",
      reportNumber   = "CERN-PH-EP-2015-157",
      SLACcitation   = "%%CITATION = ARXIV:1506.08804;%%"
}

@article{Abelev:2014nua,
      author         = "Abelev, Betty Bezverkhny and others",
      title          = "{Suppression of $\Upsilon\text{(1S)}$ at forward rapidity in
                        Pb-Pb collisions at $\sqrt{s_{_{\rm NN}}} = 2.76$ TeV}",
      collaboration  = "ALICE",
      journal        = "Phys. Lett.",
      volume         = "B738",
      year           = "2014",
      pages          = "361-372",
      doi            = "10.1016/j.physletb.2014.10.001",
      eprint         = "1405.4493",
      archivePrefix  = "arXiv",
      primaryClass   = "nucl-ex",
      reportNumber   = "CERN-PH-EP-2014-103, ALICE-PUBLIC-2014-001",
      SLACcitation   = "%%CITATION = ARXIV:1405.4493;%%"
}
@article{Chatrchyan:2012lxa,
      author         = "Chatrchyan, Serguei and others",
      title          = "{Observation of sequential $\Upsilon$ suppression in Pb-Pb
                        collisions}",
      collaboration  = "CMS",
      journal        = "Phys. Rev. Lett.",
      volume         = "109",
      year           = "2012",
      pages          = "222301",
      doi            = "10.1103/PhysRevLett.109.222301",
      eprint         = "1208.2826",
      archivePrefix  = "arXiv",
      primaryClass   = "nucl-ex",
      reportNumber   = "CMS-HIN-11-011, CERN-PH-EP-2012-228",
      SLACcitation   = "%%CITATION = ARXIV:1208.2826;%%"
}

@article{Emerick:2011xu,
      author         = "Emerick, A. and Zhao, X. and Rapp, R.",
      title          = "{Bottomonia in the Quark-Gluon Plasma and their
                        Production at RHIC and LHC}",
      journal        = "Eur. Phys. J.",
      volume         = "A48",
      year           = "2012",
      pages          = "72",
      doi            = "10.1140/epja/i2012-12072-y",
      eprint         = "1111.6537",
      archivePrefix  = "arXiv",
      primaryClass   = "hep-ph",
      SLACcitation   = "%%CITATION = ARXIV:1111.6537;%%"
}

@article{deFlorian:2011fp,
      author         = "de Florian, Daniel and Sassot, Rodolfo and Zurita, Pia
                        and Stratmann, Marco",
      title          = "{Global Analysis of Nuclear Parton Distributions}",
      journal        = "Phys. Rev.",
      volume         = "D85",
      year           = "2012",
      pages          = "074028",
      doi            = "10.1103/PhysRevD.85.074028",
      eprint         = "1112.6324",
      archivePrefix  = "arXiv",
      primaryClass   = "hep-ph",
      SLACcitation   = "%%CITATION = ARXIV:1112.6324;%%"
}

@article{Hirai:2007sx,
      author         = "Hirai, M. and Kumano, S. and Nagai, T. -H.",
      title          = "{Determination of nuclear parton distribution functions
                        and their uncertainties in next-to-leading order}",
      journal        = "Phys. Rev.",
      volume         = "C76",
      year           = "2007",
      pages          = "065207",
      doi            = "10.1103/PhysRevC.76.065207",
      eprint         = "0709.3038",
      archivePrefix  = "arXiv",
      primaryClass   = "hep-ph",
      reportNumber   = "KEK-TH-1013",
      SLACcitation   = "%%CITATION = ARXIV:0709.3038;%%"
}

@article{Arleo:2012rs,
      author         = "Arleo, Francois and Peigne, Stephane",
      title          = "{Heavy-quarkonium suppression in p-A collisions from
                        parton energy loss in cold QCD matter}",
      journal        = "JHEP",
      volume         = "03",
      year           = "2013",
      pages          = "122",
      doi            = "10.1007/JHEP03(2013)122",
      eprint         = "1212.0434",
      archivePrefix  = "arXiv",
      primaryClass   = "hep-ph",
      reportNumber   = "LAPTH-058-12",
      SLACcitation   = "%%CITATION = ARXIV:1212.0434;%%"
}

@article{Abelev:2014oea,
      author         = "Abelev, Betty Bezverkhny and others",
      title          = "{Production of inclusive $\Upsilon\text{(1S)}$ and
                        $\Upsilon\text{(2S)}$ in p-Pb collisions at
                        $\mathbf{\sqrt{s_{_{\rm NN}}} = 5.02}$ TeV}",
      collaboration  = "ALICE",
      journal        = "Phys. Lett.",
      volume         = "B740",
      year           = "2015",
      pages          = "105-117",
      doi            = "10.1016/j.physletb.2014.11.041",
      eprint         = "1410.2234",
      archivePrefix  = "arXiv",
      primaryClass   = "nucl-ex",
      reportNumber   = "CERN-PH-EP-2014-196, ALICE-PUBLIC-2014-002",
      SLACcitation   = "%%CITATION = ARXIV:1410.2234;%%"
}
@article{Aaij:2014mza,
      author         = "Aaij, Roel and others",
      title          = "{Study of $\Upsilon$ production and cold nuclear matter
                        effects in $p$Pb collisions at $\sqrt{s_{_{\rm NN}}}$=5 TeV}",
      collaboration  = "LHCb",
      journal        = "JHEP",
      volume         = "07",
      year           = "2014",
      pages          = "094",
      doi            = "10.1007/JHEP07(2014)094",
      eprint         = "1405.5152",
      archivePrefix  = "arXiv",
      primaryClass   = "nucl-ex",
      reportNumber   = "LHCB-PAPER-2014-015, CERN-PH-EP-2014-102",
      SLACcitation   = "%%CITATION = ARXIV:1405.5152;%%"
}
%%%%%%%%%%%%%%%%%%%%%%%%%%%%%%%%%%%%%%%%%%%%%%%%
%%% Experimental apparatus and data sample %%%%%
%%%%%%%%%%%%%%%%%%%%%%%%%%%%%%%%%%%%%%%%%%%%%%%%

@article{Aamodt:2008zz,
      author         = "Aamodt, K. and others",
      title          = "{The ALICE experiment at the CERN LHC}",
      collaboration  = "ALICE",
      journal        = "JINST",
      volume         = "3",
      year           = "2008",
      pages          = "S08002",
      doi            = "10.1088/1748-0221/3/08/S08002",
      SLACcitation   = "%%CITATION = JINST,3,S08002;%%"
}

@article{Abelev:2014ffa,
      author         = "Abelev, Betty Bezverkhny and others",
      title          = "{Performance of the ALICE Experiment at the CERN LHC}",
      collaboration  = "ALICE",
      journal        = "Int. J. Mod. Phys.",
      volume         = "A29",
      year           = "2014",
      pages          = "1430044",
      doi            = "10.1142/S0217751X14300440",
      eprint         = "1402.4476",
      archivePrefix  = "arXiv",
      primaryClass   = "nucl-ex",
      reportNumber   = "CERN-PH-EP-2014-031",
      SLACcitation   = "%%CITATION = ARXIV:1402.4476;%%"
}

@article{Aamodt:2011gj,
      author         = "Aamodt, K. and others",
      title          = "{Rapidity and transverse momentum dependence of inclusive
                        $\jpsi$ production in $\pp$ collisions at $\sqrt{s} = 7$
                        TeV}",
      collaboration  = "ALICE",
      journal        = "Phys. Lett.",
      volume         = "B704",
      pages          = "442",
      doi            = "10.1016/j.physletb.2011.09.054,
                        10.1016/j.physletb.2012.10.060",
      year           = "2011",
      eprint         = "1105.0380",
      archivePrefix  = "arXiv",
      primaryClass   = "hep-ex",
      reportNumber   = "CERN-PH-EP-2011-057",
      SLACcitation   = "%%CITATION = ARXIV:1105.0380;%%"
}

@ARTICLE{ALICE_ITS,
   author="Aamodt, K. and others",
   collaboration  = "ALICE",
   title = "{Alignment of the ALICE Inner Tracking System with cosmic-ray tracks}",
   journal = {JINST},
   archivePrefix = "arXiv",
   eprint = {1001.0502},
   primaryClass = "physics.ins-det",
   year = 2010,
   month = mar,
   volume = 5,
   pages = {3003},
   doi = {10.1088/1748-0221/5/03/P03003},
   adsurl = {http://adsabs.harvard.edu/abs/2010JInst...5.3003A},
   adsnote = {Provided by the SAO/NASA Astrophysics Data System}
}

@article{Abbas:2013taa,
      author         = "Abbas, E. and others",
      title          = "{Performance of the ALICE VZERO system}",
      collaboration  = "ALICE",
      journal        = "JINST",
      volume         = "8",
      year           = "2013",
      pages          = "P10016",
      doi            = "10.1088/1748-0221/8/10/P10016",
      eprint         = "1306.3130",
      archivePrefix  = "arXiv",
      primaryClass   = "nucl-ex",
      reportNumber   = "CERN-PH-EP-2013-082",
      SLACcitation   = "%%CITATION = ARXIV:1306.3130;%%"
}


@article{Aamodt:2010aa,
      author         = "Aamodt, K and others",
      title          = "{Alignment of the ALICE Inner Tracking System with
                        cosmic-ray tracks}",
      collaboration  = "ALICE",
      journal        = "JINST",
      volume         = "5",
      year           = "2010",
      pages          = "P03003",
      doi            = "10.1088/1748-0221/5/03/P03003",
      eprint         = "1001.0502",
      archivePrefix  = "arXiv",
      primaryClass   = "physics.ins-det",
      SLACcitation   = "%%CITATION = ARXIV:1001.0502;%%"
}

@article{ALICE:2012aa,
      author         = "Abelev, Betty and others",
      title          = "{Measurement of the Cross Section for Electromagnetic
                        Dissociation with Neutron Emission in Pb-Pb Collisions at
                        $\sqrt{s_{_{\rm NN}}}$ = 2.76 TeV}",
      collaboration  = "ALICE",
      journal        = "Phys. Rev. Lett.",
      volume         = "109",
      year           = "2012",
      pages          = "252302",
      doi            = "10.1103/PhysRevLett.109.252302",
      eprint         = "1203.2436",
      archivePrefix  = "arXiv",
      primaryClass   = "nucl-ex",
      reportNumber   = "CERN-PH-EP-2012-065",
      SLACcitation   = "%%CITATION = ARXIV:1203.2436;%%"
}

@article{wenzel:1966, 
author={W. A. Wenzel}, 
journal={IEEE Transactions on Nuclear Science}, 
title={Recent Developments in Spark Chambers}, 
year={1966}, 
volume={13}, 
number={3}, 
pages={34-45}, 
keywords={Acoustic devices;Acoustic measurements;Cameras;Computer interfaces;Current measurement;Magnetic cores;Position measurement;Sparks;Time measurement;Wire}, 
doi={10.1109/TNS.1966.4324077}, 
ISSN={0018-9499}, 
month={June},}

@article{mtr2006,
      author         = "Arnaldi, R. and others",
      title          = "{Design and performance of the ALICE muon trigger
                        system}",
      journal        = "Nucl. Phys. Proc. Suppl.",
      volume         = "158",
      pages          = "21-24",
      doi            = "10.1016/j.nuclphysbps.2006.07.012",
      year           = "2006",
      SLACcitation   = "%%CITATION = NUPHZ,158,21;%%",
}

@article{Abelev:2013qoq,
      author         = "Abelev, Betty and others",
      title          = "{Centrality determination of Pb-Pb collisions at
                        $\sqrt{s_{_{\rm NN}}}$ = 2.76 TeV with ALICE}",
      collaboration  = "ALICE",
      journal        = "Phys. Rev.",
      volume         = "C88",
      year           = "2013",
      number         = "4",
      pages          = "044909",
      doi            = "10.1103/PhysRevC.88.044909",
      eprint         = "1301.4361",
      archivePrefix  = "arXiv",
      primaryClass   = "nucl-ex",
      reportNumber   = "CERN-PH-EP-2012-368",
      SLACcitation   = "%%CITATION = ARXIV:1301.4361;%%"
}

@article{Adam:2015ptt,
      author         = "Adam, Jaroslav and others",
      title          = "{Centrality dependence of the charged-particle
                        multiplicity density at midrapidity in Pb-Pb collisions at
                        $\sqrt{s_{_{\rm NN}}}$ = 5.02 TeV}",
      collaboration  = "ALICE",
      journal        = "Phys. Rev. Lett.",
      volume         = "116",
      year           = "2016",
      number         = "22",
      pages          = "222302",
      doi            = "10.1103/PhysRevLett.116.222302",
      eprint         = "1512.06104",
      archivePrefix  = "arXiv",
      primaryClass   = "nucl-ex",
      reportNumber   = "CERN-PH-EP-2015-324, ALICE-PUBLIC-2015-008",
      SLACcitation   = "%%CITATION = ARXIV:1512.06104;%%"
}

@article{Gaiser:1982yw,
      author         = "Gaiser, J. and others",
      title          = "{Charmonium Spectroscopy from Inclusive $\psi\text{(2S)}$ and J/$\psi$ Radiative Decays}",
      journal        = "Phys. Rev.",
      volume         = "D34",
      pages          = "711",
      doi            = "10.1103/PhysRevD.34.711",
      year           = "1986",
      reportNumber   = "SLAC-PUB-2899",
      SLACcitation   = "%%CITATION = PHRVA,D34,711;%%"
}

@article{dEnterria:2003xac,
      author         = "d'Enterria, David G.",
      title          = "{Hard scattering cross-sections at LHC in the Glauber
                        approach: From pp to pA and AA collisions}",
      year           = "2003",
      eprint         = "nucl-ex/0302016",
      archivePrefix  = "arXiv",
      primaryClass   = "nucl-ex",
      SLACcitation   = "%%CITATION = NUCL-EX/0302016;%%"
}

%%%%%%%%%%%%%%%%
%%% Analysis %%%
%%%%%%%%%%%%%%%%
%%%%%
%Interpolation
%%%%

@article{ALICE-Quarkonia-signal-extraction,
      author         = "",
      title          = "{Quarkonium signal extraction in ALICE}",
      collaboration  = "ALICE",
      year           = "2015",
      reportNumber   = "ALICE-PUBLIC-2015-006",
      url           = "https://cds.cern.ch/record/2060096",
      note          = "ALICE-PUBLIC-2015-006",
      SLACcitation   = "%%CITATION = CMS-PAS-HIN-15-001;%%"
}

@article{LHCb-CONF-2013-013,
      author         = "",
      title         = "{Reference pp cross-sections for J/$\psi$ studies in
                       proton-lead collisions at $\sqrt{s_{_{\rm NN}}} = 5.02$~TeV and
                       comparisons between ALICE and LHCb results}",
      collaboration = "ALICE and LHCb",
      month         = "Dec",
      year          = "2013",
      reportNumber  = "ALICE-PUBLIC-2013-002, LHCb-CONF-2013-013",
      url           = "https://cds.cern.ch/record/1639617",
      note          = "ALICE-PUBLIC-2013-002, LHCb-CONF-2013-013",
}

@article{LHCb:2014fxt,
      author         = "",
      title          = "{Reference pp cross-sections for $\Upsilon\text{(1S)}$ studies
                        in proton-lead collisions at $\sqrt{s_{_{\rm NN}}} = 5.02$ TeV
                        and comparisons between ALICE and LHCb results}",
      collaboration  = "ALICE and LHCb",
      year           = "2014",
      reportNumber   = "ALICE-PUBLIC-2014-002, LHCb-CONF-2014-003",
      url            = "http://cds.cern.ch/record/1748460",
      note           = "ALICE-PUBLIC-2014-002, LHCb-CONF-2014-003",
      SLACcitation   = "%%CITATION = LHCB-CONF-2014-003;%%"
}

%ALICE-PUBLIC-2013-002

@article{Adam:2015rta,
      author         = "Adam, Jaroslav and others",
      title          = "{Inclusive quarkonium production at forward rapidity in
                        pp collisions at $\sqrt{s}=8$ TeV}",
      collaboration  = "ALICE",
      journal        = "Eur. Phys. J.",
      volume         = "C76",
      year           = "2016",
      number         = "4",
      pages          = "184",
      doi            = "10.1140/epjc/s10052-016-3987-y",
      eprint         = "1509.08258",
      archivePrefix  = "arXiv",
      primaryClass   = "hep-ex",
      reportNumber   = "CERN-PH-EP-2015-267",
      SLACcitation   = "%%CITATION = ARXIV:1509.08258;%%"
}

@article{Aaij:2014nwa,
      author         = "Aaij, Roel and others",
      title          = "{Measurement of $\Upsilon$ production in pp collisions
                        at $\sqrt{s}=2.76$ TeV}",
      collaboration  = "LHCb",
      journal        = "Eur. Phys. J.",
      volume         = "C74",
      year           = "2014",
      number         = "4",
      pages          = "2835",
      doi            = "10.1140/epjc/s10052-014-2835-1",
      eprint         = "1402.2539",
      archivePrefix  = "arXiv",
      primaryClass   = "hep-ex",
      reportNumber   = "CERN-PH-EP-2014-016, LHCB-PAPER-2013-066",
      SLACcitation   = "%%CITATION = ARXIV:1402.2539;%%"
}


@article{Aaij:2015awa,
      author         = "Aaij, Roel and others",
      title          = "{Forward production of $\Upsilon$ mesons in pp
                        collisions at $\sqrt{s}=7$ and 8 TeV}",
      collaboration  = "LHCb",
      journal        = "JHEP",
      volume         = "11",
      year           = "2015",
      pages          = "103",
      doi            = "10.1007/JHEP11(2015)103",
      eprint         = "1509.02372",
      archivePrefix  = "arXiv",
      primaryClass   = "hep-ex",
      reportNumber   = "CERN-PH-EP-2015-232, LHCB-PAPER-2015-045",
      SLACcitation   = "%%CITATION = ARXIV:1509.02372;%%"
}

@article{Gluck:1977zm,
      author         = "Gluck, M. and Owens, J. F. and Reya, E.",
      title          = "{Gluon Contribution to Hadronic J/$\psi$ Production}",
      journal        = "Phys. Rev.",
      volume         = "D17",
      year           = "1978",
      pages          = "2324",
      doi            = "10.1103/PhysRevD.17.2324",
      reportNumber   = "FSU HEP 77-08-10",
      SLACcitation   = "%%CITATION = PHRVA,D17,2324;%%"
}
           
@article{Cacciari:1998it,
      author         = "Cacciari, Matteo and Greco, Mario and Nason, Paolo",
      title          = "{The $p_{\rm T}$ spectrum in heavy flavor hadroproduction}",
      journal        = "JHEP",
      volume         = "05",
      year           = "1998",
      pages          = "007",
      doi            = "10.1088/1126-6708/1998/05/007",
      eprint         = "hep-ph/9803400",
      archivePrefix  = "arXiv",
      primaryClass   = "hep-ph",
      reportNumber   = "CERN-TH-98-77, LPTHE-ORSAY-98-11, IFUM-613-FT,
                        LNF-98-008-P",
      SLACcitation   = "%%CITATION = HEP-PH/9803400;%%"
}

@article{Agashe:2014kda,
      author         = "Olive, K. A. and others",
      title          = "{Review of Particle Physics}",
      collaboration  = "Particle Data Group",
      journal        = "Chin. Phys.",
      volume         = "C38",
      year           = "2014",
      pages          = "090001",
      doi            = "10.1088/1674-1137/38/9/090001",
      SLACcitation   = "%%CITATION = CHPHD,C38,090001;%%"
}

@article{Brun:1978fy,
      author         = "Brun, R. and Hagelberg, R. and Hansroul, M. and Lassalle,
                        J. C.",
      title          = "{Geant: Simulation Program for Particle Physics
                        Experiments. User Guide and Reference Manual}",
      year           = "1978",
      reportNumber   = "CERN-DD-78-2-REV, CERN-DD-78-2",
      SLACcitation   = "%%CITATION = CERN-DD-78-2-REV;%%"
}

@book{Brun:1082634,
      author        = "Brun, Ren√© and Bruyant, F and Carminati, Federico and
                       Giani, Simone and Maire, M and McPherson, A and Patrick, G
                       and Urban, L",
      title         = "{GEANT: Detector Description and Simulation Tool; Oct
                       1994}",
      publisher     = "CERN",
      address       = "Geneva",
      series        = "CERN Program Library",
      year          = "1993",
      url           = "http://cds.cern.ch/record/1082634",
      note          = "Long Writeup W5013",
}

@article{Agostinelli:2002hh,
      author         = "Agostinelli, S. and others",
      title          = "{GEANT4: A Simulation toolkit}",
      collaboration  = "GEANT4",
      journal        = "Nucl. Instrum. Meth.",
      volume         = "A506",
      year           = "2003",
      pages          = "250-303",
      doi            = "10.1016/S0168-9002(03)01368-8",
      reportNumber   = "SLAC-PUB-9350, FERMILAB-PUB-03-339",
      SLACcitation   = "%%CITATION = NUIMA,A506,250;%%"
}

@article{Acosta:2001gv,
      author         = "Acosta, D. and others",
      title          = "{$\Upsilon$ production and polarization in $p\bar{p}$
                        collisions at $\sqrt{s}=$ 1.8-TeV}",
      collaboration  = "CDF",
      journal        = "Phys. Rev. Lett.",
      volume         = "88",
      year           = "2002",
      pages          = "161802",
      doi            = "10.1103/PhysRevLett.88.161802",
      reportNumber   = "FERMILAB-PUB-01-355-E",
      SLACcitation   = "%%CITATION = PRLTA,88,161802;%%"
}

@article{LHCb:2012aa,
      author         = "Aaij, R. and others",
      title          = "{Measurement of $\Upsilon$ production in pp collisions at
                        $\sqrt{s}$ = 7 TeV}",
      collaboration  = "LHCb",
      journal        = "Eur. Phys. J.",
      volume         = "C72",
      year           = "2012",
      pages          = "2025",
      doi            = "10.1140/epjc/s10052-012-2025-y",
      eprint         = "1202.6579",
      archivePrefix  = "arXiv",
      primaryClass   = "hep-ex",
      reportNumber   = "CERN-PH-EP-2012-051, LHCB-PAPER-2011-036",
      SLACcitation   = "%%CITATION = ARXIV:1202.6579;%%"
}

@article{Khachatryan:2010zg,
      author         = "Khachatryan, Vardan and others",
      title          = "{Upsilon Production Cross-Section in pp Collisions at
                        $\sqrt{s}=7$ TeV}",
      collaboration  = "CMS",
      journal        = "Phys. Rev.",
      volume         = "D83",
      year           = "2011",
      pages          = "112004",
      doi            = "10.1103/PhysRevD.83.112004",
      eprint         = "1012.5545",
      archivePrefix  = "arXiv",
      primaryClass   = "hep-ex",
      reportNumber   = "CERN-PH-EP-2010-055, CMS-BPH-10-003",
      SLACcitation   = "%%CITATION = ARXIV:1012.5545;%%"
}

@article{Bossu:2011qe,
      author         = "Bossu, F. and del Valle, Z. Conesa and de Falco, A. and
                        Gagliardi, M. and Grigoryan, S. and Martinez Garcia, G.",
      title          = "{Phenomenological interpolation of the inclusive J/$\psi$
                        cross section to proton-proton collisions at 2.76 TeV and
                        5.5 TeV}",
      year           = "2011",
      eprint         = "1103.2394",
      archivePrefix  = "arXiv",
      primaryClass   = "nucl-ex",
      SLACcitation   = "%%CITATION = ARXIV:1103.2394;%%"
}

@article{Abazov:2008aa,
      author         = "Abazov, V. M. and others",
      title          = "{Measurement of the polarization of the $\Upsilon\text{{1S}}$
                        and $\Upsilon\text{{2S}}$ states in $p \bar{p}$ collisions at
                        $\sqrt{s}$ = 1.96-TeV}",
      collaboration  = "D0",
      journal        = "Phys. Rev. Lett.",
      volume         = "101",
      year           = "2008",
      pages          = "182004",
      doi            = "10.1103/PhysRevLett.101.182004",
      eprint         = "0804.2799",
      archivePrefix  = "arXiv",
      primaryClass   = "hep-ex",
      reportNumber   = "FERMILAB-PUB-08-089-E",
      SLACcitation   = "%%CITATION = ARXIV:0804.2799;%%"
}

@article{CDF:2011ag,
      author         = "Aaltonen, T. and others",
      title          = "{Measurements of Angular Distributions of Muons From
                        $\Upsilon$ Meson Decays in $p\bar{p}$ Collisions at
                        $\sqrt{s}=1.96$ TeV}",
      collaboration  = "CDF",
      journal        = "Phys. Rev. Lett.",
      volume         = "108",
      year           = "2012",
      pages          = "151802",
      doi            = "10.1103/PhysRevLett.108.151802",
      eprint         = "1112.1591",
      archivePrefix  = "arXiv",
      primaryClass   = "hep-ex",
      reportNumber   = "FERMILAB-PUB-11-644-E",
      SLACcitation   = "%%CITATION = ARXIV:1112.1591;%%"
}

@article{Chatrchyan:2012woa,
      author         = "Chatrchyan, Serguei and others",
      title          = "{Measurement of the $\Upsilon\text{(1S)}$, $\Upsilon\text{(2S)}$ and $\Upsilon\text{(3S)}$ polarizations in $pp$ collisions at $\sqrt{s}=7$ TeV}",
      collaboration  = "CMS",
      journal        = "Phys. Rev. Lett.",
      volume         = "110",
      year           = "2013",
      number         = "8",
      pages          = "081802",
      doi            = "10.1103/PhysRevLett.110.081802",
      eprint         = "1209.2922",
      archivePrefix  = "arXiv",
      primaryClass   = "hep-ex",
      reportNumber   = "CMS-BPH-11-023, CERN-PH-EP-2012-205",
      SLACcitation   = "%%CITATION = ARXIV:1209.2922;%%"
}

%%%%%%%%%%%%%%%
%%% Results %%%
%%%%%%%%%%%%%%%

@article{Sirunyan:2017lzi,
      author         = "Sirunyan, Albert M and others",
      title          = "{Suppression of excited Upsilon states relative to the
                        ground state in PbPb collisions at sqrt(sNN) = 5.02 TeV}",
      collaboration  = "CMS",
      year           = "2017",
      eprint         = "1706.05984",
      archivePrefix  = "arXiv",
      primaryClass   = "hep-ex",
      reportNumber   = "CMS-HIN-16-008, CERN-EP-2017-080",
      SLACcitation   = "%%CITATION = ARXIV:1706.05984;%%"
}

@article{CMS:2017ucd,
      author         = "CMS Collaboration",
      title          = "{Measurement of Nuclear Modification Factors of
                        $\Upsilon\textrm{(nS)}$ Mesons in \pbpb Collisions
                        at $\sqrt{s_{_{\text{NN}}}} = 5.02~\mathrm{TeV}$}",
      collaboration  = "CMS",
      year           = "2017",
      reportNumber   = "CMS-PAS-HIN-16-023",
      note = "CMS-PAS-HIN-16-023",
      SLACcitation   = "%%CITATION = CMS-PAS-HIN-16-023;%%"
}

@article{Khachatryan:2016xxp,
      author         = "Khachatryan, Vardan and others",
      title          = "{Suppression of $\Upsilon(1S), \Upsilon(2S)$ and
                        $\Upsilon(3S)$ production in PbPb collisions at
                        $\sqrt{s_{\rm NN}}$ = 2.76 TeV}",
      collaboration  = "CMS",
      journal        = "Phys. Lett.",
      volume         = "B770",
      year           = "2017",
      pages          = "357-379",
      doi            = "10.1016/j.physletb.2017.04.031",
      eprint         = "1611.01510",
      archivePrefix  = "arXiv",
      primaryClass   = "nucl-ex",
      reportNumber   = "CMS-HIN-15-001, CERN-EP-2016-248",
      SLACcitation   = "%%CITATION = ARXIV:1611.01510;%%"
}

@article{Zhou:2014hwa,
      author         = "Zhou, Kai and Xu, Nu and Zhuang, Pengfei",
      title          = "{$\Upsilon$ Production in Heavy Ion Collisions at LHC}",
      booktitle      = "{Proceedings, 24th International Conference on
                        Ultra-Relativistic Nucleus-Nucleus Collisions (Quark
                        Matter 2014): Darmstadt, Germany, May 19-24, 2014}",
      journal        = "Nucl. Phys.",
      volume         = "A931",
      year           = "2014",
      pages          = "654-658",
      doi            = "10.1016/j.nuclphysa.2014.08.104",
      eprint         = "1408.3900",
      archivePrefix  = "arXiv",
      primaryClass   = "hep-ph",
      SLACcitation   = "%%CITATION = ARXIV:1408.3900;%%"
}

@article{Krouppa:2016jcl,
      author         = "Krouppa, Brandon and Strickland, Michael",
      title          = "{Predictions for bottomonia suppression in 5.023 TeV
                        Pb-Pb collisions}",
      journal        = "Universe",
      volume         = "2",
      year           = "2016",
      number         = "3",
      pages          = "16",
      doi            = "10.3390/universe2030016",
      eprint         = "1605.03561",
      archivePrefix  = "arXiv",
      primaryClass   = "hep-ph",
      SLACcitation   = "%%CITATION = ARXIV:1605.03561;%%"
}

@article{Gossiaux:2011ea,
      author         = "Gossiaux, Pol Bernard and Vogel, Sascha and van Hees,
                        Hendrik and Aichelin, Joerg and Rapp, Ralf and He, Min and
                        Bluhm, Marcus",
      title          = "{The Influence of bulk evolution models on heavy-quark
                        phenomenology}",
      year           = "2011",
      eprint         = "1102.1114",
      archivePrefix  = "arXiv",
      primaryClass   = "hep-ph",
      SLACcitation   = "%%CITATION = ARXIV:1102.1114;%%"
}

@article{Tuchin:2010pv,
      author         = "Tuchin, Kirill",
      title          = "{Breakdown of kT-Factorization and J/$\psi$ Production in dA
                        Collisions}",
      booktitle      = "{Saturation the color glass condensate and the glasma:
                        What have we learned from RHIC? Proceedings, Workshop,
                        Upton, Brookhaven, USA, May 10-12, 2010}",
      journal        = "Nucl. Phys.",
      volume         = "A854",
      year           = "2011",
      pages          = "198-203",
      doi            = "10.1016/j.nuclphysa.2010.08.005",
      eprint         = "1012.4212",
      archivePrefix  = "arXiv",
      primaryClass   = "hep-ph",
      SLACcitation   = "%%CITATION = ARXIV:1012.4212;%%"
}

@article{Eskola:1998df,
      author         = "Eskola, K. J. and Kolhinen, V. J. and Salgado, C. A.",
      title          = "{The Scale dependent nuclear effects in parton
                        distributions for practical applications}",
      journal        = "Eur. Phys. J.",
      volume         = "C9",
      year           = "1999",
      pages          = "61-68",
      doi            = "10.1007/s100520050513, 10.1007/s100529900005",
      eprint         = "hep-ph/9807297",
      archivePrefix  = "arXiv",
      primaryClass   = "hep-ph",
      reportNumber   = "JYFL-8-98, US-FT-14-98",
      SLACcitation   = "%%CITATION = HEP-PH/9807297;%%"
}

@article{Eskola:2009uj,
      author         = "Eskola, K. J. and Paukkunen, H. and Salgado, C. A.",
      title          = "{EPS09: A New Generation of NLO and LO Nuclear Parton
                        Distribution Functions}",
      journal        = "JHEP",
      volume         = "04",
      year           = "2009",
      pages          = "065",
      doi            = "10.1088/1126-6708/2009/04/065",
      eprint         = "0902.4154",
      archivePrefix  = "arXiv",
      primaryClass   = "hep-ph",
      SLACcitation   = "%%CITATION = ARXIV:0902.4154;%%"
}

@article{Aaij:2014caa,
      author         = "Aaij, Roel and others",
      title          = "{Study of $\chi _{{\mathrm {b}}}$ meson production in
                        $\mathrm {p} $ $\mathrm {p} $ collisions at $\sqrt{s}=7$
                        and $8{\mathrm {\,TeV}} $ and observation of the decay
                        $\chi _{{\mathrm {b}}}\mathrm {(3P)} \rightarrow \Upsilon
                        \mathrm {(3S)} {\gamma } $}",
      collaboration  = "LHCb",
      journal        = "Eur. Phys. J.",
      volume         = "C74",
      year           = "2014",
      number         = "10",
      pages          = "3092",
      doi            = "10.1140/epjc/s10052-014-3092-z",
      eprint         = "1407.7734",
      archivePrefix  = "arXiv",
      primaryClass   = "hep-ex",
      reportNumber   = "CERN-PH-EP-2014-178, LHCB-PAPER-2014-031",
      SLACcitation   = "%%CITATION = ARXIV:1407.7734;%%"
}

@article{Aaij:2014hla,
      author         = "Aaij, Roel and others",
      title          = "{Measurement of the $\chi_{\mathrm b}\text{(3P)}$ mass and of the relative
                        rate of $\chi_{\mathrm b1}\text{(1P)}$ and $\chi_{\mathrm b2}\text{(1P)}$ production}",
      collaboration  = "LHCb",
      journal        = "JHEP",
      volume         = "10",
      year           = "2014",
      pages          = "88",
      doi            = "10.1007/JHEP10(2014)088",
      eprint         = "1409.1408",
      archivePrefix  = "arXiv",
      primaryClass   = "hep-ex",
      reportNumber   = "LHCB-PAPER-2014-040, CERN-PH-EP-2014-206,
                        LHCB-PAPER-2014-040-CERN_PH_EP_2014_206",
      SLACcitation   = "%%CITATION = ARXIV:1409.1408;%%"
}

@article{Aaboud:2017cif,
      author         = "Aaboud, Morad and others",
      title          = "{Measurement of quarkonium production in proton‚Äìlead
                        and proton‚Äìproton collisions at $5.02~\mathrm {TeV}$
                        with the ATLAS detector}",
      collaboration  = "ATLAS",
      journal        = "Eur. Phys. J.",
      volume         = "C78",
      year           = "2018",
      number         = "3",
      pages          = "171",
      doi            = "10.1140/epjc/s10052-018-5624-4",
      eprint         = "1709.03089",
      archivePrefix  = "arXiv",
      primaryClass   = "nucl-ex",
      reportNumber   = "CERN-EP-2017-197, CERN-PH-EP-2017-197",
      SLACcitation   = "%%CITATION = ARXIV:1709.03089;%%"
}

@article{Du:2017qkv,
      author         = "Du, Xiaojian and Rapp, Ralf and He, Min",
      title          = "{Color Screening and Regeneration of Bottomonia in
                        High-Energy Heavy-Ion Collisions}",
      journal        = "Phys. Rev.",
      volume         = "C96",
      year           = "2017",
      number         = "5",
      pages          = "054901",
      doi            = "10.1103/PhysRevC.96.054901",
      eprint         = "1706.08670",
      archivePrefix  = "arXiv",
      primaryClass   = "hep-ph",
      SLACcitation   = "%%CITATION = ARXIV:1706.08670;%%"
}

@article{Krouppa:2017jlg,
      author         = "Krouppa, Brandon and Rothkopf, Alexander and Strickland,
                        Michael",
      title          = "{Bottomonium suppression using a lattice QCD vetted
                        potential}",
      journal        = "Phys. Rev.",
      volume         = "D97",
      year           = "2018",
      number         = "1",
      pages          = "016017",
      doi            = "10.1103/PhysRevD.97.016017",
      eprint         = "1710.02319",
      archivePrefix  = "arXiv",
      primaryClass   = "hep-ph",
      SLACcitation   = "%%CITATION = ARXIV:1710.02319;%%"
}

@article{Arnaldi:2006ii,
      author         = "Arnaldi, R. and others",
      title          = "{Beam and ageing tests with a highly-saturated avalanche
                        gas mixture for the ALICE p-p data taking}",
      booktitle      = "{Resistive plate chambers and related detectors,
                        proceedings of the 8th International Workshop on Resistive
                        Plate Chambers and Related Detectors, Korea University,
                        Seoul, Korea, 10-12 October 2005}",
      journal        = "Nucl. Phys. Proc. Suppl.",
      volume         = "158",
      year           = "2006",
      pages          = "149-153",
      doi            = "10.1016/j.nuclphysbps.2006.07.005",
      note           = "[,149(2006)]",
      SLACcitation   = "%%CITATION = NUPHZ,158,149;%%"
}

@article{Arnaldi:2000ub,
      author         = "Arnaldi, R. and others",
      title          = "{A low-resistivity RPC for the ALICE dimuon arm}",
      collaboration  = "ALICE",
      journal        = "Nucl. Instrum. Meth.",
      volume         = "A451",
      year           = "2000",
      pages          = "462-473",
      doi            = "10.1016/S0168-9002(00)00326-0",
      SLACcitation   = "%%CITATION = NUIMA,A451,462;%%"
}

@article{Santonico:1981sc,
      author         = "Santonico, R. and Cardarelli, R.",
      title          = "{Development of Resistive Plate Counters}",
      journal        = "Nucl. Instrum. Meth.",
      volume         = "187",
      year           = "1981",
      pages          = "377-380",
      doi            = "10.1016/0029-554X(81)90363-3",
      SLACcitation   = "%%CITATION = NUIMA,187,377;%%"
}

@article{Marchisone:2017bcb,
      author         = "Marchisone, Massimiliano",
      title          = "{Performance of a resistive plate chamber equipped with a
                        new prototype of amplified front-end electronics in the
                        ALICE detector}",
      booktitle      = "{Proceedings, Workshop on High Energy Particle Physics
                        (HEPPW2017): Johannesburg, South Africa, February 1-3,
                        2017}",
      journal        = "J. Phys. Conf. Ser.",
      volume         = "889",
      year           = "2017",
      number         = "1",
      pages          = "012011",
      doi            = "10.1088/1742-6596/889/1/012011",
      SLACcitation   = "%%CITATION = 00462,889,012011;%%"
}

@article{Dupieux:2003bw,
      author         = "Dupieux, P.",
      title          = "{A new front-end for better performances of RPC in
                        streamer mode}",
      booktitle      = "{Resistive plate chambers and related detectors.
                        Proceedings, 6th International Workshop, RPC 2001,
                        Coimbra, Portugal, November 26-27, 2001}",
      collaboration  = "ALICE",
      journal        = "Nucl. Instrum. Meth.",
      volume         = "A508",
      year           = "2003",
      pages          = "185-188",
      doi            = "10.1016/S0168-9002(03)01348-2",
      SLACcitation   = "%%CITATION = NUIMA,A508,185;%%"
}

@article{Kapoyannis:2017hcz,
      author         = "Kapoyannis, A. S. and Panagiotou, A. D.",
      title          = "{Particle states of Lattice QCD}",
      journal        = "Eur. Phys. J.",
      volume         = "C77",
      year           = "2017",
      number         = "11",
      pages          = "736",
      doi            = "10.1140/epjc/s10052-017-5265-z",
      eprint         = "1705.00291",
      archivePrefix  = "arXiv",
      primaryClass   = "hep-ph",
      SLACcitation   = "%%CITATION = ARXIV:1705.00291;%%"
}

@article{Alford:2007xm,
      author         = "Alford, Mark G. and Schmitt, Andreas and Rajagopal,
                        Krishna and Sch√§fer, Thomas",
      title          = "{Color superconductivity in dense quark matter}",
      journal        = "Rev. Mod. Phys.",
      volume         = "80",
      year           = "2008",
      pages          = "1455-1515",
      doi            = "10.1103/RevModPhys.80.1455",
      eprint         = "0709.4635",
      archivePrefix  = "arXiv",
      primaryClass   = "hep-ph",
      reportNumber   = "MIT-CTP-3861",
      SLACcitation   = "%%CITATION = ARXIV:0709.4635;%%"
}

@article{Patrignani:2016xqp,
      author         = "Patrignani, C. and others",
      title          = "{Review of Particle Physics}",
      collaboration  = "Particle Data Group",
      journal        = "Chin. Phys.",
      volume         = "C40",
      year           = "2016",
      number         = "10",
      pages          = "100001",
      doi            = "10.1088/1674-1137/40/10/100001",
      SLACcitation   = "%%CITATION = CHPHD,C40,100001;%%"
}

@article{Dumitru:2000sc,
      author         = "Dumitru, Adrian and Bass, Steffen A.",
      title          = "{Collective evolution of hot QCD matter from the QGP to
                        freezeout}",
      booktitle      = "{Intersections of particle and nuclear physics.
                        Proceedings, 7th Conference (CIPANP 2000), Quebec City,
                        Quebec, Canada, 22-28 May 2000}",
      journal        = "AIP Conf. Proc.",
      volume         = "549",
      year           = "2000",
      number         = "1",
      pages          = "359-362",
      doi            = "10.1063/1.1345274",
      eprint         = "nucl-th/0007065",
      archivePrefix  = "arXiv",
      primaryClass   = "nucl-th",
      SLACcitation   = "%%CITATION = NUCL-TH/0007065;%%"
}

@article{Mukherjee:2012fb,
      author         = "Mukherjee, Swagato",
      title          = "{Freeze-out Conditions from Lattice QCD}",
      booktitle      = "{Proceedings, 23rd International Conference on
                        Ultrarelativistic Nucleus-Nucleus Collisions : Quark
                        Matter 2012 (QM 2012): Washington, DC, USA, August 13-18,
                        2012}",
      journal        = "Nucl. Phys.",
      volume         = "A904-905",
      year           = "2013",
      pages          = "873c-876c",
      doi            = "10.1016/j.nuclphysa.2013.02.154",
      eprint         = "1211.7048",
      archivePrefix  = "arXiv",
      primaryClass   = "nucl-th",
      SLACcitation   = "%%CITATION = ARXIV:1211.7048;%%"
}

@article{Rapp:2017chc,
      author         = "Rapp, Ralf and Du, Xiaojian",
      title          = "{Theoretical Perspective on Quarkonia from SPS via RHIC
                        to LHC}",
      booktitle      = "{Proceedings, 26th International Conference on
                        Ultra-relativistic Nucleus-Nucleus Collisions (Quark
                        Matter 2017): Chicago, Illinois, USA, February 5-11,
                        2017}",
      journal        = "Nucl. Phys.",
      volume         = "A967",
      year           = "2017",
      pages          = "216-224",
      doi            = "10.1016/j.nuclphysa.2017.05.097",
      eprint         = "1704.07923",
      archivePrefix  = "arXiv",
      primaryClass   = "hep-ph",
      SLACcitation   = "%%CITATION = ARXIV:1704.07923;%%"
}

@techreport{Abelev:1625842,
      author        = "Abelev, B and others",
      title         = "{Technical Design Report  for the Upgrade of the ALICE
                       Inner Tracking System}",
      collaboration = "ALICE Collaboration",
      number        = "CERN-LHCC-2013-024. ALICE-TDR-017",
      month         = "Nov",
      year          = "2013",
      reportNumber  = "CERN-LHCC-2013-024",
      url           = "https://cds.cern.ch/record/1625842",
}

@techreport{CERN-LHCC-2013-020,
      title         = "{Upgrade of the ALICE Time Projection Chamber}",
      collaboration = "The ALICE Collaboration",
      number        = "CERN-LHCC-2013-020. ALICE-TDR-016",
      month         = "Oct",
      year          = "2013",
      reportNumber  = "CERN-LHCC-2013-020",
      url           = "https://cds.cern.ch/record/1622286",
}

@techreport{CERN-LHCC-2015-001,
      title         = "{Technical Design Report for the Muon Forward Tracker}",
      number        = "CERN-LHCC-2015-001. ALICE-TDR-018",
      month         = "Jan",
      year          = "2015",
      reportNumber  = "CERN-LHCC-2015-001",
      url           = "https://cds.cern.ch/record/1981898",
}

@techreport{Antonioli:1603472,
      author        = "Antonioli, P and Kluge, A and Riegler, W",
      title         = "{Upgrade of the ALICE Readout Trigger System}",
      collaboration = "ALICE Collaboration",
      number        = "CERN-LHCC-2013-019. ALICE-TDR-015",
      month         = "Sep",
      year          = "2013",
      reportNumber  = "CERN-LHCC-2013-019",
      url           = "https://cds.cern.ch/record/1603472"
}

@techreport{Buncic:2011297,
      author        = "Buncic, P and Krzewicki, M and Vande Vyvre, P",
      title         = "{Technical Design Report for the Upgrade of the
                       Online-Offline Computing System}",
      number        = "CERN-LHCC-2015-006. ALICE-TDR-019",
      month         = "Apr",
      year          = "2015",
      reportNumber  = "CERN-LHCC-2015-006",
      url           = "https://cds.cern.ch/record/2011297",
}

@article{ALICE_LOI,
    author = {Abelev, B and others},
    year = {2014},
    month = {08},
    pages = {},
    title = {Upgrade of the ALICE experiment: Letter of intent},
    volume = {41},
    journal = {Journal of Physics G: Nuclear and Particle Physics},
    doi = {10.1088/0954-3899/41/8/087001}
}

@article{Acharya:2017tgv,
      author         = "Acharya, Shreyasi and others",
      title          = "{J/$\psi$ elliptic flow in Pb-Pb collisions at
                        $\sqrt{s_\mathrm{NN}}=5.02$ TeV}",
      collaboration  = "ALICE",
      journal        = "Phys. Rev. Lett.",
      volume         = "119",
      year           = "2017",
      number         = "24",
      pages          = "242301",
      doi            = "10.1103/PhysRevLett.119.242301",
      eprint         = "1709.05260",
      archivePrefix  = "arXiv",
      primaryClass   = "nucl-ex",
      reportNumber   = "CERN-EP-2017-237",
      SLACcitation   = "%%CITATION = ARXIV:1709.05260;%%"
}

@article{fairroot,
  author={M Al-Turany and D Bertini and R Karabowicz and D Kresan and P Malzacher and T Stockmanns and F Uhlig},
  title={The FairRoot framework},
  journal={Journal of Physics: Conference Series},
  volume={396},
  number={2},
  pages={022001},
  url={http://stacks.iop.org/1742-6596/396/i=2/a=022001},
  year={2012}
}

@article{alfa,
  author={M. Al-Turany and P. Buncic and P. Hristov and T. Kollegger and C. Kouzinopoulos and A. Lebedev and V. Lindenstruth and A.
Manafov and M. Richter and A. Rybalchenko and P. Vande Vyvre and N. Winckler},
  title={ALFA: The new ALICE-FAIR software framework},
  journal={Journal of Physics: Conference Series},
  volume={664},
  number={7},
  pages={072001},
  url={http://stacks.iop.org/1742-6596/664/i=7/a=072001},
  year={2015}
}

@manual{zeroMQ,
  title  = "ZeroMQ",
  author = "iMatix Corporation",
  url    = "http://zeromq.org"
}

@manual{googlepb,
  title  = "Google Protocol Buffer",
  author = "Google Inc.",
  url    = "https://developers.google.com/protocol-buffers/"
}

@article{o2compression,
  author={Matthias Richter and  ALICE Collaboration},
  title={Online data compression in the ALICE O 2 facility},
  journal={Journal of Physics: Conference Series},
  volume={898},
  number={3},
  pages={032049},
  url={http://stacks.iop.org/1742-6596/898/i=3/a=032049},
  year={2017}
}

@article{aliceshuttle,
author = {Zampolli, Chiara and Carminati, Federico and Colla, A},
year = {2010},
month = {01},
title = {The SHUTTLE: the ALICE Framework for the extraction of the conditions Data}
}

@article{MINE,
      author         = "Acharya, Shreyasi and others",
      title          = "{$\Upsilon$ suppression at forward rapidity in Pb-Pb
                        collisions at $\sqrt{s_{\rm NN}}$ = 5.02 TeV}",
      collaboration  = "ALICE",
      year           = "2018",
      eprint         = "1805.04387",
      archivePrefix  = "arXiv",
      primaryClass   = "nucl-ex",
      reportNumber   = "CERN-EP-2018-114",
      SLACcitation   = "%%CITATION = ARXIV:1805.04387;%%"
}

@article{Hagedorn:1965st,
      author         = "Hagedorn, R.",
      title          = "{Statistical thermodynamics of strong interactions at
                        high-energies}",
      journal        = "Nuovo Cim. Suppl.",
      volume         = "3",
      year           = "1965",
      pages          = "147-186",
      reportNumber   = "CERN-TH-520",
      SLACcitation   = "%%CITATION = NUCUA,3,147;%%"
}

@article{PhysRevC.88.044909,
  title = {Centrality determination of Pb-Pb collisions at $\sqrt{{s}_{NN}}=2.76$ TeV with ALICE},
  author = {Abelev, B. and others},
  collaboration = {ALICE Collaboration},
  journal = {Phys. Rev. C},
  volume = {88},
  issue = {4},
  pages = {044909},
  numpages = {22},
  year = {2013},
  month = {Oct},
  publisher = {American Physical Society},
  doi = {10.1103/PhysRevC.88.044909},
  url = {https://link.aps.org/doi/10.1103/PhysRevC.88.044909}
}

@article{Mocsy:2008eg,
      author         = "Mocsy, Agnes",
      title          = "{Potential Models for Quarkonia}",
      booktitle      = "{Proceedings, 3rd International Conference on Hard and
                        Electromagnetic Probes of High-Energy Nuclear Collisions
                        (Hard Probes 2008): Illa da Toxa, Spain, June 8-14, 2008}",
      journal        = "Eur. Phys. J.",
      volume         = "C61",
      year           = "2009",
      pages          = "705-710",
      doi            = "10.1140/epjc/s10052-008-0847-4",
      eprint         = "0811.0337",
      archivePrefix  = "arXiv",
      primaryClass   = "hep-ph",
      SLACcitation   = "%%CITATION = ARXIV:0811.0337;%%"
}

@inproceedings{Caffarri:2016xvd,
      author         = "Caffarri, Davide",
      title          = "{Open heavy-flavour and quarkonium production in Pb-Pb
                        and p-Pb collisions measured by the ALICE detector at the
                        LHC}",
      booktitle      = "{Proceedings, 51st Rencontres de Moriond on QCD and High
                        Energy Interactions: La Thuile, Italy, March 19-26, 2016}",
      collaboration  = "ALICE",
      year           = "2016",
      pages          = "273-276",
      note           = "[,273(2016)]",
      eprint         = "1606.03970",
      archivePrefix  = "arXiv",
      primaryClass   = "nucl-ex",
      SLACcitation   = "%%CITATION = ARXIV:1606.03970;%%"
}

@inproceedings{Oyama:2013xra,
      author         = "Oyama, K.",
      title          = "{Reference cross section measurements with ALICE in pp
                        and Pb-Pb collisions at LHC}",
      booktitle      = "{LHC Lumi Days 2012 Geneva, Switzerland, February
                        29-March 1, 2012}",
      collaboration  = "ALICE",
      year           = "2013",
      eprint         = "1305.7044",
      archivePrefix  = "arXiv",
      primaryClass   = "nucl-ex",
      SLACcitation   = "%%CITATION = ARXIV:1305.7044;%%"
}

@article{Alme:2010,
       author = "Alme, J. and others",
        title = "{The ALICE TPC, a large 3-dimensional tracking device with fast readout for ultra-high multiplicity events}",
      journal = {Nuclear Instruments and Methods in Physics Research A},
     keywords = {Physics - Instrumentation and Detectors},
         year = "2010",
        month = "Oct",
       volume = {622},
        pages = {316-367},
          doi = {10.1016/j.nima.2010.04.042},
    archivePrefix = {arXiv},
       eprint = {1001.1950},
 primaryClass = {physics.ins-det},
       adsurl = {https://ui.adsabs.harvard.edu/\#abs/2010NIMPA.622..316A},
      adsnote = {Provided by the SAO/NASA Astrophysics Data System}
}

@article{Adam:2017,
    author = "Adam, J. and others",
    year = {2017},
    month = {02},
    pages = {},
    title = {Determination of the event collision time with the ALICE detector at the LHC},
    volume = {132},
    journal = {The European Physical Journal Plus},
    doi = {10.1140/epjp/i2017-11279-1}
}

@article{Akash:2015,
    author = {Jain, Akash},
    year = {2015},
    month = {07},
    pages = {},
    title = {Symmetries in Particle Physics},
    doi = {10.13140/RG.2.1.1822.8321}
}


%%%%%%%%%%%%%%%%%% 
%%% Conclusion %%%
%%%%%%%%%%%%%%%%%%